@book {FioriniW77,
    AUTHOR = {Fiorini, S. and Wilson, R.J.},
     TITLE = {Edge-colourings of graphs},
      NOTE = {Research Notes in Mathematics, No. 16},
 PUBLISHER = {Pitman, London; distributed by Fearon-Pitman Publishers, Inc.,
              Belmont, Calif.},
      YEAR = {1977},
     PAGES = {iii+154},
}
@book {StiebitzSTF12,
    AUTHOR = {Stiebitz, M. and Scheide, D. and Toft, B. and
              Favrholdt, L.M.},
     TITLE = {Graph edge coloring: {V}izing's theorem and {G}oldberg's conjecture},
    SERIES = {Wiley Series in Discrete Mathematics and Optimization},
    MYNOTE = {with a preface by Stiebitz and Toft},
 PUBLISHER = {John Wiley \& Sons, Inc., Hoboken, NJ},
      YEAR = {2012},
     PAGES = {xiv+321},
}
@article {Jakobsen73,
    AUTHOR = {Jakobsen, I.T.},
     TITLE = {Some remarks on the chromatic index of a graph},
   JOURNAL = {Arch. Math. (Basel)},
  FJOURNAL = {Archiv der Mathematik},
    VOLUME = {24},
      YEAR = {1973},
     PAGES = {440--448},
}
@article {Jakobsen74,
    AUTHOR = {Jakobsen, I.T.},
     TITLE = {On critical graphs with chromatic index {$4$}},
   JOURNAL = {Discrete Math.},
  FJOURNAL = {Discrete Mathematics},
    VOLUME = {9},
      YEAR = {1974},
     PAGES = {265--276},
}
@article {Woodall08,
    AUTHOR = {Woodall, D.R.},
     TITLE = {The average degree of an edge-chromatic critical graph},
   JOURNAL = {Discrete Math.},
  FJOURNAL = {Discrete Mathematics},
    VOLUME = {308},
      YEAR = {2008},
    NUMBER = {5-6},
     PAGES = {803--819},
}
@article {Vizing65,
    AUTHOR = {Vizing, V.G.},
     TITLE = {The chromatic class of a multigraph},
   JOURNAL = {Kibernetika (Kiev)},
  FJOURNAL = {Otdelenie Matematiki, Mekhaniki i Kibernetiki Akademii Nauk
              Ukrainsko\u\i\ SSR. Kibernetika},
    VOLUME = {1965},
      YEAR = {1965},
    NUMBER = {3},
     PAGES = {29--39},
}
@article {Vizing68,
    AUTHOR = {Vizing, V.G.},
     TITLE = {Some unsolved problems in graph theory},
   JOURNAL = {Uspehi Mat. Nauk},
  FJOURNAL = {Akademiya Nauk SSSR i Moskovskoe Matematicheskoe Obshchestvo.
              Uspekhi Matematicheskikh Nauk},
    VOLUME = {23},
      YEAR = {1968},
    NUMBER = {6 (144)},
     PAGES = {117--134},
}
@article {HallGame,
    AUTHOR = {Rabern, L.},
     TITLE = {A game generalizing {H}all's theorem},
   JOURNAL = {Discrete Math.},
  FJOURNAL = {Discrete Mathematics},
    VOLUME = {320},
      YEAR = {2014},
     PAGES = {87--91},
}
@article {3criticalCR,
    AUTHOR = {Cranston, D.W. and Rabern, L.},
     TITLE = {Subcubic edge chromatic critical graphs have many edges},
   JOURNAL = {Arxiv preprint, \url{http://arxiv.org/abs/http://arxiv.org/abs/1506.04225}},
      YEAR = {2015},
}
@ARTICLE{FixabilitySurvey,
   author = {Cranston, D.W. and Rabern, L.},
    title = {{Edge-coloring via Fixable Subgraphs}},
   journal={In preparation},
    year={2015}
}
@incollection {FioriniWilson,
    AUTHOR = {Fiorini, S. and Wilson, R.J.},
     TITLE = {On the chromatic index of a graph. {II}},
 BOOKTITLE = {Combinatorics ({P}roc. {B}ritish {C}ombinatorial {C}onf.,
              {U}niv. {C}oll. {W}ales, {A}berystwyth, 1973)},
     PAGES = {37--51. London Math. Soc. Lecture Note Ser., No. 13},
 PUBLISHER = {Cambridge Univ. Press, London},
      YEAR = {1974},
}
%AUTHOR = {Cariolaro, David and Cariolaro, Gianfranco},
@article {C&C,
    AUTHOR = {Cariolaro, D. and Cariolaro, G.},
     TITLE = {Colouring the petals of a graph},
   JOURNAL = {Electron. J. Combin.},
  FJOURNAL = {Electronic Journal of Combinatorics},
    VOLUME = {10},
      YEAR = {2003},
     PAGES = {Research Paper 6, 11 pp. (electronic)},
      ISSN = {1077-8926},
   MRCLASS = {05C15},
  MRNUMBER = {1975756},
}
@book {IGT,
    AUTHOR = {West, Douglas B.},
     TITLE = {Introduction to graph theory, Second edition},
 PUBLISHER = {Prentice Hall Inc.},
   ADDRESS = {Upper Saddle River, NJ},
      YEAR = {2001},
     PAGES = {xix+588},
}
