@article{Ehrenfeucht1984159,
title = {{A new method of proving theorems on chromatic index}},
journal = {Discrete Mathematics},
volume = {52},
number = {2--3},
pages = {159--164},
year = {1984},
author = {A. Ehrenfeucht and V. Faber and H. A. Kierstead}
}
@article{hall,
  title={On representatives of subsets},
  author={Hall, P.},
  journal={J. Lond. Math. Soc.},
  volume={10},
  pages={26--30},
  year={1935}
}
@article{konig,
  title={Gr{\'a}fok {\'e}s m{\'a}trixok},
  author={K{\H{o}}nig, D.},
  journal={Matematikai {\'e}s Fizikai Lapok},
  volume={38},
  pages={116--119},
  year={1931}
}
@article{vizing,
  title={On an estimate of the chromatic class of a p-graph},
  author={Vizing, V.G.},
  journal={Diskret. Analiz},
  volume={3},
  number={7},
  pages={25--30},
  year={1964}
}
@article{HallGame,
  title={{A game generalizing Hall's theorem}},
  author={Rabern, L.},
  journal={Submitted},
  year={2012}
}
@article{kierstead1984chromatic,
  title={On the chromatic index of multigraphs without large triangles},
  author={Kierstead, H.A.},
  journal={Journal of Combinatorial Theory, Series B},
  volume={36},
  number={2},
  pages={156--160},
  year={1984},
  publisher={Elsevier}
}
@article{tashkinov,
  title={On an algorithm to colour the edges of a multigraph},
  author={Tashkinov, V.A.},
  journal={Diskret. Analiz.},
  volume={7},
  pages={72--85},
  year={2000}
}
@article{goldberg,
  title={Multigraphs with a chromatic index that is nearly maximal},
  author={Goldberg, M.K.},
  journal={Diskret. Analiz.},
  volume={23},
  pages={3--7},
  year={1973}
}