@article{DBLP:journals/siamdm/Rabern08,
  author    = {Rabern, L.},
  title     = {{A Note On Reed's Conjecture}},
  journal   = {SIAM J. Discrete Math.},
  volume    = {22},
  number    = {2},
  year      = {2008},
  pages     = {820-827},
  ee        = {http://dx.doi.org/10.1137/060659193},
  bibsource = {DBLP, http://dblp.uni-trier.de}
}
@article{DBLP:journals/combinatorics/Rabern07,
  author    = {Rabern, L.},
  title     = {{The Borodin-Kostochka Conjecture for Graphs Containing a
               Doubly Critical Edge}},
  journal   = {Electr. J. Comb.},
  volume    = {14},
  number    = {1},
  year      = {2007},
  ee        = {http://www.combinatorics.org/Volume_14/Abstracts/v14i1n22.html},
  bibsource = {DBLP, http://dblp.uni-trier.de}
}
@article{DBLP:journals/siamdm/Rabern06,
  author    = {Rabern, L.},
  title     = {{On Graph Associations}},
  journal   = {SIAM J. Discrete Math.},
  volume    = {20},
  number    = {2},
  year      = {2006},
  pages     = {529-535},
  ee        = {http://dx.doi.org/10.1137/050626545},
  bibsource = {DBLP, http://dblp.uni-trier.de}
}
@article{rabern2011strengthening,
  title={{A strengthening of Brooks' Theorem for line graphs}},
  author={Rabern, L.},
  journal={Electron. J. Combin.},
  volume={18},
  number={p145},
  pages={1},
  year={2011}
}
@article{rabern2010destroying,
  title={Destroying non-complete regular components in graph partitions},
  author={Rabern, L.},
  journal={J. Graph Theory},
  year={Forthcoming}
}

@article{rabernhitting,
  title={{On hitting all maximum cliques with an independent set}},
  author={Rabern, L.},
  journal={Journal of Graph Theory},
  volume={66},
  number={1},
  pages={32--37},
  year={2011},
  publisher={Wiley Online Library}
}
@article{krs_one,
  title={{Graphs with chromatic number close to maximum degree}},
  author={Kostochka, A.V. and Rabern, L. and Stiebitz, M.},
  journal={Discrete Math},
  year={Forthcoming}
}
@article{rabern2010a,
  title={{$\Delta$-Critical graphs with small high vertex cliques}},
  author={Rabern, L.},
  journal={Journal of Combinatorial Theory Series B},
  volume={102},
  number={1},
  pages={126--130},
  year={2012},
  publisher={Academic Press, Inc.}
}
@article{rabern2008simple,
  title={A simple solution to the hardest logic puzzle ever},
  author={Rabern, B. and Rabern, L.},
  journal={Analysis},
  volume={68},
  number={2},
  pages={105--112},
  year={2008},
  publisher={Oxford University Press}
}
@article{rabern2007applying,
  title={{Applying Gr{\"o}bner basis techniques to group theory}},
  author={Rabern, L.},
  journal={Journal of Pure and Applied Algebra},
  volume={210},
  number={1},
  pages={137--140},
  year={2007},
  publisher={Elsevier}
}
@article{partitiondegree,
  title={Partitioning and coloring with degree constraints},
  author={Rabern, L.},
  year={Submitted}
}
@article{HallGame,
  title={{A game generalizing Hall's theorem}},
  author={Rabern, L. and Rabern, B. and Macauley, M.},
  journal={Submitted},
  year={2012}
}
@article{Danger,
  title={{Dangerous reference graphs and semantic paradoxes}},
  author={Rabern, L.},
  journal={Submitted},
  year={2012}
}