@conference{brooks1941colouring,
  title={{On colouring the nodes of a network}},
  author={Brooks, R.L.},
  booktitle={Mathematical Proceedings of the Cambridge Philosophical Society},
  volume={37},
  number={02},
  pages={194--197},
  issn={0305-0041},
  year={1941},
  organization={Cambridge Univ Press}
}
@article{grötschel1981ellipsoid,
  title={{The ellipsoid method and its consequences in combinatorial optimization}},
  author={Gr\"{o}tschel, M. and Lov\'{a}sz, L. and Schrijver, A.},
  journal={Combinatorica},
  volume={1},
  number={2},
  pages={169--197},
  issn={0209-9683},
  year={1981},
  publisher={Springer}
}
@article{kierstead2009ore,
  title={{Ore-type versions of Brooks' theorem}},
  author={Kierstead, H.A. and Kostochka, A.V.},
  journal={Journal of Combinatorial Theory, Series B},
  volume={99},
  number={2},
  pages={298--305},
  issn={0095-8956},
  year={2009},
  publisher={Elsevier}
}
@article{mozhan1983,
  title={{Chromatic number of graphs with a density that does not exceed two-thirds of the maximal degree (in Russian)}},
  author={Mozhan, N.N.},
  journal={Metody Diskretn. Anal.},
  volume={39},
  pages={52--65},
  year={1983}
}
@article{rabern2010a,
  title={{$\Delta$-critical graphs with small high vertex cliques}},
  author={Rabern, L.},
  journal={Journal of Combinatorial Theory, Series B},
  year={forthcoming}
}
@article{rabern2010b,
  title={{An improvement on Brooks' theorem}},
  author={Rabern, L.},
  journal={Submitted}
}
@article{stacho2001new,
  title={{New upper bounds for the chromatic number of a graph}},
  author={Stacho, L.},
  journal={Journal of Graph Theory},
  volume={36},
  number={2},
  pages={117--120},
  issn={1097-0118},
  year={2001},
  publisher={John Wiley \& Sons}
}
@article{stiebitz1982proof,
  title={{Proof of a conjecture of T. Gallai concerning connectivity properties of colour-critical graphs}},
  author={Stiebitz, M.},
  journal={Combinatorica},
  volume={2},
  number={3},
  pages={315--323},
  issn={0209-9683},
  year={1982},
  publisher={Springer}
}
@article{krs_one,
  title={{Graphs with chromatic number close to maximum degree}},
  author={Kostochka, A.V. and Rabern, L. and Stiebitz, M.},
  journal={Submitted}
}
@article{reed1999strengthening,
  title={{A strengthening of Brooks' theorem}},
  author={Reed, B.},
  journal={Journal of Combinatorial Theory, Series B},
  volume={76},
  number={2},
  pages={136--149},
  issn={0095-8956},
  year={1999},
  publisher={Elsevier}
}
@article{king2008bounding,
  title={{Bounding $\chi$ in terms of $\omega$ and $\Delta$ for quasi-line graphs}},
  author={King, A.D. and Reed, B.A.},
  journal={Journal of Graph Theory},
  volume={59},
  number={3},
  pages={215--228},
  issn={1097-0118},
  year={2008},
  publisher={Wiley Online Library}
}
@phdthesis{king2009claw,
  title={{Claw-free graphs and two conjectures on omega, Delta, and chi}},
  author={King, A.},
  year={2009},
  school={McGill University}
}
@article{rabernhitting,
  title={{On hitting all maximum cliques with an independent set}},
  author={Rabern, L.},
  journal={Journal of Graph Theory},
  volume={66},
  number={1},
  pages={32--37},
  year={2011},
  publisher={Wiley Online Library}
}
@article{king2007upper,
  title={{An upper bound for the chromatic number of line graphs}},
  author={King, A.D. and Reed, B.A. and Vetta, A.},
  journal={European Journal of Combinatorics},
  volume={28},
  number={8},
  pages={2182--2187},
  issn={0195-6698},
  year={2007},
  publisher={Elsevier}
}
@book{molloy2002graph,
  title={{Graph colouring and the probabilistic method}},
  author={Molloy, M.S. and Reed, B.A.},
  isbn={3540421394},
  year={2002},
  publisher={Springer Verlag}
}
@article{KingAXiv,
  author    = {King, A.D.},
  title     = {{Hitting all maximum cliques with a stable set using lopsided
               independent transversals}},
  journal   = {CoRR},
  volume    = {abs/0911.1741},
  year      = {2009},
  ee        = {http://arxiv.org/abs/0911.1741},
  bibsource = {DBLP, http://dblp.uni-trier.de}
}
@ARTICLE{2009arXiv0907.3705R,
   author = {Rabern, L.},
    title = {{On hitting all maximum cliques with an independent set}},
  journal = {ArXiv e-prints},
     year = 2009,
    month = jul,
}
@article{borodin1977upper,
  title={{On an upper bound of a graph's chromatic number, depending on the graph's degree and density}},
  author={Borodin, O.V. and Kostochka, A.V.},
  journal={Journal of Combinatorial Theory, Series B},
  volume={23},
  number={2-3},
  pages={247--250},
  issn={0095-8956},
  year={1977},
  publisher={Elsevier}
}
@article{kostochkaRussian,
  title={{Degree, density, and chromatic number}},
  author={Kostochka, A.V.},
  journal={Metody Diskret. Anal.},
  volume={35},
  pages={45--70},
  year={1980},
}
@article{reed1998omega,
  title={{$\omega$, $\Delta$, and $\chi$}},
  author={Reed, B.},
  journal={Journal of Graph Theory},
  volume={27},
  number={4},
  pages={177--212},
  issn={1097-0118},
  year={1998},
  publisher={Wiley Online Library}
}}
@article{ReedSudakov,
  title={{List colouring when the chromatic number is close to the order of the graph}},
  author={Reed, B. and Sudakov, B.},
  journal={Combinatorica},
  volume={25},
  number={1},
  pages={117--123},
  issn={0209-9683},
  year={2004},
  publisher={Springer}
}
@article{BrooksExtended,
  title={{The colour theorems of Brooks and Gallai extended}},
  author={Kostochka, A.V. and Stiebitz, M. and Wirth, B.},
  journal={Discrete Mathematics},
  volume={162},
  number={1-3},
  pages={299--303},
  year={1996},
  publisher={Elsevier}
}
@article{Hladky,
  title={{Brooks' Theorem via the Alon-Tarsi Theorem}},
  author={Hladk{\`y}, J. and Kr{\'a}l, D. and Schauz, U.},
  journal={Discrete Mathematics},
  year={2010},
  publisher={Elsevier}
}
@conference{erdos1979choosability,
  title={{Choosability in graphs}},
  author={Erdos, P. and Rubin, A.L. and Taylor, H.},
  booktitle={Proc. West Coast Conf. on Combinatorics, Graph Theory and Computing, Congressus Numerantium},
  volume={26},
  pages={125--157},
  year={1979}
}
@conference{borodin1977criterion,
  title={{Criterion of chromaticity of a degree prescription}},
  author={Borodin, O.V.},
  booktitle={Abstracts of IV All-Union Conf. on Th. Cybernetics},
  location={Novosibirsk},
  pages={127--128},
  year={1977}
}
@ARTICLE{Alon19997,
author={Alon, N.},
title={Combinatorial Nullstellensatz},
journal={Combinatorics Probability and Computing},
year={1999},
volume={8},
number={1--2},
pages={7-29}
}
@ARTICLE{Alon1992125,
author={Alon, N. and Tarsi, M.},
title={Colorings and orientations of graphs},
journal={Combinatorica},
year={1992},
volume={12},
number={2},
pages={125--134}
}
@incollection{Entringer1985367,
title = {{A Short Proof of Rubin's Block Theorem}},
editor = {B.R. Alspach and C.D. Godsil},
booktitle = {{Annals of Discrete Mathematics 27 - Cycles in Graphs}},
publisher = {North-Holland},
year = {1985},
volume = {115},
pages = {367--368},
series = {North-Holland Mathematics Studies},
author = {Entringer, R.C.}
}
@ARTICLE{Lovasz1975269,
author={Lov\'{a}sz, L.},
title={Three short proofs in graph theory},
journal={Journal of Combinatorial Theory, Series B},
year={1975},
volume={19},
number={3},
pages={269--271},
}
@article{kierstead2000choosability,
  title={{On the choosability of complete multipartite graphs with part size three}},
  author={Kierstead, H.A.},
  journal={Discrete Mathematics},
  volume={211},
  number={1-3},
  pages={255--259},
  issn={0012-365X},
  year={2000},
  publisher={Elsevier}
}
@article{hajnaltheorem,
  title={A theorem on $k$-saturated graphs},
  author={Hajnal, A.},
  journal={Canadian Journal of Mathematics},
  pages={720},
  year={1965}
}
@article{haxell2001note,
  title={A note on vertex list colouring},
  author={Haxell, P.E.},
  journal={Combinatorics, Probability and Computing},
  volume={10},
  number={4},
  pages={345--347},
  year={2001},
  publisher={Cambridge Univ Press}
}

@article{aharoni2007independent,
  title={Independent systems of representatives in weighted graphs},
  author={Aharoni, R. and Berger, E. and Ziv, R.},
  journal={Combinatorica},
  volume={27},
  number={3},
  pages={253--267},
  year={2007},
  publisher={Springer}
}
@article{alon1988linear,
  title={The linear arboricity of graphs},
  author={Alon, N.},
  journal={Israel Journal of Mathematics},
  volume={62},
  number={3},
  pages={311--325},
  year={1988},
  publisher={Springer}
}
