@article{cook,
  title={{Patterns of paradox}},
  author={Cook, R.T.},
  journal={Journal of Symbolic Logic},
  volume={69},
  number={3},
  pages={767--774},
  year={2004},
  publisher={JSTOR}
}

@article{gaifman1992pointers,
  title={{Pointers to truth}},
  author={Gaifman, H.},
  journal={The Journal of Philosophy},
  pages={223--261},
  year={1992},
  publisher={JSTOR}
}

@article{danger,
  	title={{Dangerous reference graphs and semantic paradoxes}},
  	author={Landon Rabern and Brian Rabern and Matthew Macauley},
	journal={Journal of Philosophical Logic},
	year = {Forthcoming}
}

@article{herzberger1970,
  	title={{Paradoxes of grounding in semantics}},
  	author={Hans Herzberger},
  	journal={The Journal of Philosophy},
  	volume={67},
 	number={6},
  	pages={145--167},
  	year={1970},
  	publisher={JSTOR}
}

@BOOK{diestel2010,
	AUTHOR       = "Reinhard Diestel",
	TITLE        = "Graph Theory",
	PUBLISHER    = "Springer-Verlag, Heidelberg",
	YEAR         = "2010",
	EDITION      = "4"
}



@ARTICLE{yablo93,
	AUTHOR       = "Steven Yablo",
	TITLE        = "Paradox without self-reference",
	JOURNAL      = "Analysis",
	YEAR         = "1993",
	VOLUME       = "53",
	NUMBER       = "4",
	PAGES        = "251-252"
}

@ARTICLE{beall01,
	AUTHOR       = "J.C. Beall",
	TITLE        = "Is Yablo's paradox non-circular?",
	JOURNAL      = "Analysis",
	YEAR         = "2001",
	VOLUME       = "61",
	NUMBER       = "3",
	PAGES        = "176-187"
}

@ARTICLE{priest97,
	AUTHOR       = "Graham Priest",
	TITLE        = "Yablo's Paradox",
	JOURNAL      = "Analysis",
	YEAR         = "1997",
	VOLUME       = "57",
	NUMBER       = "4",
	PAGES        = "236-242"
}

@BOOK{mendelson97,
	AUTHOR       = "Elliott Mendelson",
	TITLE        = "Introduction to Mathematical Logic",
	PUBLISHER    = "Chapman and Hall",
	YEAR         = "1997",
	EDITION      = "4"
}

@ARTICLE{sorenson98,
	AUTHOR       = "Roy Sorenson",
	TITLE        = "Yablo's paradox and kindred infinite liars",
	JOURNAL      = "Mind",
	YEAR         = "1998",
	VOLUME       = "107",
	PAGES        = "137-155"
}

@ARTICLE{yablo82,
	AUTHOR       = "Steven Yablo",
	TITLE        = "Grounding, dependence, and paradox",
	JOURNAL      = "Journal of Philosophical Logic",
	YEAR         = "1982",
	VOLUME       = "11",
	PAGES        = "117-137"
} 

@ARTICLE{kripke75,
	AUTHOR       = "Saul Kripke",
	TITLE        = "Outline of a theory of truth",
	JOURNAL      = "Journal of Philosophy",
	YEAR         = "1975",
	VOLUME       = "72",
	NUMBER       = "19",
	PAGES        = "690-716"
}

@ARTICLE{yablo85,
	AUTHOR       = "Steven Yablo",
	TITLE        = "Truth and Reflection",
	JOURNAL      = "Journal of Philosophical Logic",
	YEAR         = "1985",
	VOLUME       = "14",
	PAGES        = "297-349"
}

@ARTICLE{hardy95,
	AUTHOR       = "James Hardy",
	TITLE        = "Is Yablo's Paradox Liar-like?",
	JOURNAL      = "Analysis",
	YEAR         = "1995",
	VOLUME       = "55",
	PAGES        = "197-198"
}

@ARTICLE{burge82,
	AUTHOR       = "Tyler Burge",
	TITLE        = "The Liar Paradox: Tangles and Chains",
	JOURNAL      = "Philosophical Studies",
	YEAR         = "1982",
	VOLUME       = "41",
	PAGES        = "353-366"
}

@BOOK{maudlin04,
	AUTHOR       = "Tim Maudlin",
	TITLE        = "Truth and Paradox: Solving the Riddles",
	PUBLISHER    = "Oxford",
	YEAR         = "2004"
}

@ARTICLE{burge79,
	AUTHOR       = "",
	TITLE        = "Semantical Paradox",
	JOURNAL      = "The Journal of Philosophy",
	YEAR         = "1979",
	VOLUME       = "76",
	PAGES        = "169-198"
}

@ARTICLE{chihara79,
	AUTHOR       = "Charles Chihara",
	TITLE        = "The Semantic Paradoxes: A Diagnostic Investigation",
	JOURNAL      = "Philosophical Review",
	YEAR         = "1979",
	VOLUME       = "88",
	PAGES        = "590-618"
}

@ARTICLE{eklund02,
	AUTHOR       = "Matti Eklund",
	TITLE        = "Deep Inconsistency",
	JOURNAL      = " Australasian Journal of Philosophy",
	YEAR         = "2002",
	VOLUME       = "80",
	NUMBER       = "3",
	PAGES        = "321-331"
}

@ARTICLE{parsons74,
	AUTHOR       = "Charles Parsons",
	TITLE        = "The Liar Paradox",
	JOURNAL      = "The Journal of Philosophical Logic",
	YEAR         = "1974",
	VOLUME       = "3",
	PAGES        = "381-412"
}

@INCOLLECTION{tarski56,
	AUTHOR       = "Alfred Tarski",
	TITLE        = "The Concept of Truth in Formalized Languages",
	BOOKTITLE    = "Logic, Semantics, Metamathematics",
	PUBLISHER    = "Clarendon Press",
	YEAR         = "1956",
	PAGES        = "152-278"
}

@INCOLLECTION{yablo06,
	AUTHOR       = "Steven Yablo",
	TITLE        = "Circularity and Paradox",
	BOOKTITLE    = "Self-Reference",
	PUBLISHER    = "CSLI Press",
	YEAR         = "2006",
	EDITOR       = "T. Bolander, V. F. Hendricks, S. A. Pedersen",
	CHAPTER      = "8",
	PAGES        = "139-157"
}

@ARTICLE{erdos51,
	AUTHOR       = "N.G. Bruijn and P. Erdos",
	TITLE        = "A colour problem for infinite graphs and a problem in the theory of relations",
	JOURNAL      = "Indigationes Mathematicae",
	YEAR         = "1951",
	VOLUME       = "13",
	PAGES        = "371-373"
}

@ARTICLE{rado49,
	AUTHOR       = "Richard Rado",
	TITLE        = "Axiomatic treatment of rank in infinite sets",
	JOURNAL      = "Canadian Journal of Math",
	YEAR         = "1949",
	VOLUME       = "1",
	PAGES        = "337-343"
}

@INCOLLECTION{buschlinger01,
	AUTHOR       = "Wolfgang Buschlinger ",
	TITLE        = "The use of semantical paradoxes for graph theoretical proofs: False-systems",
	BOOKTITLE    = "One Hundred Years of Russell's Paradox",
	YEAR         = "unpublished",
	Publisher ={},
	URL = {http://www.zwackelmann.de/aufsatz/graphtheory.pdf}
}

@article{cook2006,
title={{There are non-circular paradoxes (But Yablo's isn't one of them!)}},
author={Cook, R.T.},
journal={The Monist},
volume={89},
number={1},
pages={118--149},
year={2006}}

@phdthesis{eldridge2008,
    author = {Eldridge-Smith, P.},
    title={{The Liar Paradox and its Relatives}},
    school = {The Australian National University},
    year = {2008}}

@article{schlenker2007elimination,
  title={{The elimination of self-reference: Generalized Yablo-series and the theory of truth}},
  author={Schlenker, P.},
  journal={Journal of philosophical logic},
  volume={36},
  number={3},
  pages={251--307},
  year={2007},
  publisher={Springer}
}
