@article{Ehrenfeucht1984159,
title = {{A new method of proving theorems on chromatic index}},
journal = {Discrete Mathematics},
volume = {52},
number = {2--3},
pages = {159--164},
year = {1984},
author = {A. Ehrenfeucht and V. Faber and H. A. Kierstead}
}
@article{hall,
  title={On representatives of subsets},
  author={Hall, P.},
  journal={J. Lond. Math. Soc.},
  volume={10},
  pages={26--30},
  year={1935}
}
@article{konig,
  title={Gr{\'a}fok {\'e}s m{\'a}trixok},
  author={K{\H{o}}nig, D.},
  journal={Matematikai {\'e}s Fizikai Lapok},
  volume={38},
  pages={116--119},
  year={1931}
}
@article{vizing,
  title={On an estimate of the chromatic class of a p-graph},
  author={Vizing, V.G.},
  journal={Diskret. Analiz},
  volume={3},
  number={7},
  pages={25--30},
  year={1964}
}
@book{schrijver,
  title={{Combinatorial Optimization: Polyhedra and Efficiency}},
  author={Schrijver, A.},
  volume={A},
  year={2003},
  publisher={Springer Verlag}
}
@book{stiebitz,
  title={{Graph Edge Coloring: Vizing's Theorem and Goldberg's Conjecture}},
  author={Stiebitz, M. and Scheide, D. and Toft, B. and Favrholdt, L.M.},
  volume={75},
  year={2012},
  publisher={Wiley}
}
@article{rabern2012game,
  title={{A game generalizing Hall's theorem}},
  author={Rabern, L.},
  journal={arXiv:1204.0139},
  year={2012}
}
