@conference{brooks1941colouring,
  title={{On colouring the nodes of a network}},
  author={Brooks, R.L.},
  booktitle={Mathematical Proceedings of the Cambridge Philosophical Society},
  volume={37},
  number={02},
  pages={194--197},
  issn={0305-0041},
  year={1941},
  organization={Cambridge Univ Press}
}
@article{grötschel1981ellipsoid,
  title={{The ellipsoid method and its consequences in combinatorial optimization}},
  author={Gr\"{o}tschel, M. and Lov\'{a}sz, L. and Schrijver, A.},
  journal={Combinatorica},
  volume={1},
  number={2},
  pages={169--197},
  issn={0209-9683},
  year={1981},
  publisher={Springer}
}
@article{kierstead2009ore,
  title={{Ore-type versions of Brooks' theorem}},
  author={Kierstead, H.A. and Kostochka, A.V.},
  journal={Journal of Combinatorial Theory, Series B},
  volume={99},
  number={2},
  pages={298--305},
  issn={0095-8956},
  year={2009},
  publisher={Elsevier}
}
@article{mozhan1983,
  title={{Chromatic number of graphs with a density that does not exceed two-thirds of the maximal degree (in Russian)}},
  author={Mozhan, N.N.},
  journal={Metody Diskretn. Anal.},
  volume={39},
  pages={52--65},
  year={1983}
}
@article{rabern2010a,
  title={{$\Delta$-Critical Graphs With Small High Vertex Cliques}},
  author={Rabern, L.},
  journal={Journal of Combinatorial Theory, Series B},
  year={forthcoming}
}
@article{rabern2010b,
  title={{An Improvement On Brooks' Theorem}},
  author={Rabern, L.},
  journal={Submitted}
}
@article{stacho2001new,
  title={{New upper bounds for the chromatic number of a graph}},
  author={Stacho, L.},
  journal={Journal of Graph Theory},
  volume={36},
  number={2},
  pages={117--120},
  issn={1097-0118},
  year={2001},
  publisher={John Wiley \& Sons}
}
@article{stiebitz1982proof,
  title={{Proof of a conjecture of T. Gallai concerning connectivity properties of colour-critical graphs}},
  author={Stiebitz, M.},
  journal={Combinatorica},
  volume={2},
  number={3},
  pages={315--323},
  issn={0209-9683},
  year={1982},
  publisher={Springer}
}
@article{krs_one,
  title={{Graphs with chromatic number close to maximum degree}},
  author={Kostochka, A.V. and Rabern, L. and Stiebitz, M.},
  journal={Submitted}
}
@article{reed1999strengthening,
  title={{A strengthening of Brooks' theorem}},
  author={Reed, B.},
  journal={Journal of Combinatorial Theory, Series B},
  volume={76},
  number={2},
  pages={136--149},
  issn={0095-8956},
  year={1999},
  publisher={Elsevier}
}
@article{king2008bounding,
  title={{Bounding $\chi$ in terms of $\omega$ and $\Delta$ for quasi-line graphs}},
  author={King, A.D. and Reed, B.A.},
  journal={Journal of Graph Theory},
  volume={59},
  number={3},
  pages={215--228},
  issn={1097-0118},
  year={2008},
  publisher={Wiley Online Library}
}
@article{king2007asymptotics,
  title={{Asymptotics of the chromatic number for quasi-line graphs}},
  author={King, A.D. and Reed, B.},
  journal={Electronic Notes in Discrete Mathematics},
  volume={29},
  pages={327--331},
  issn={1571-0653},
  year={2007},
  publisher={Elsevier}
}
@phdthesis{king2009claw,
  title={{Claw-free graphs and two conjectures on omega, Delta, and chi}},
  author={King, A.},
  year={2009},
  school={McGill University}
}
@article{rabernhitting,
  title={{On hitting all maximum cliques with an independent set}},
  author={Rabern, L.},
  journal={Journal of Graph Theory},
  volume={66},
  number={1},
  pages={32--37},
  year={2011},
  publisher={Wiley Online Library}
}
@article{king2007upper,
  title={{An upper bound for the chromatic number of line graphs}},
  author={King, A.D. and Reed, B.A. and Vetta, A.},
  journal={European Journal of Combinatorics},
  volume={28},
  number={8},
  pages={2182--2187},
  issn={0195-6698},
  year={2007},
  publisher={Elsevier}
}
@book{molloy2002graph,
  title={{Graph colouring and the probabilistic method}},
  author={Molloy, M.S. and Reed, B.A.},
  isbn={3540421394},
  year={2002},
  publisher={Springer Verlag}
}
@article{KingAXiv,
  author    = {King, A.D.},
  title     = {{Hitting all maximum cliques with a stable set using lopsided
               independent transversals}},
  journal   = {CoRR},
  volume    = {abs/0911.1741},
  year      = {2009},
  ee        = {http://arxiv.org/abs/0911.1741},
  bibsource = {DBLP, http://dblp.uni-trier.de}
}
@ARTICLE{2009arXiv0907.3705R,
   author = {{Rabern}, L.},
    title = {{On hitting all maximum cliques with an independent set}},
  journal = {ArXiv e-prints},
archivePrefix = "arXiv",
   eprint = {0907.3705},
 primaryClass = "math.CO",
 keywords = {Mathematics - Combinatorics},
     year = 2009,
    month = jul,
   adsurl = {http://adsabs.harvard.edu/abs/2009arXiv0907.3705R},
  adsnote = {Provided by the SAO/NASA Astrophysics Data System}
}
@article{borodin1977upper,
  title={{On an upper bound of a graph's chromatic number, depending on the graph's degree and density}},
  author={Borodin, O.V. and Kostochka, A.V.},
  journal={Journal of Combinatorial Theory, Series B},
  volume={23},
  number={2-3},
  pages={247--250},
  issn={0095-8956},
  year={1977},
  publisher={Elsevier}
}
@article{kostochkaRussian,
  title={{Degree, density, and chromatic number}},
  author={Kostochka, A.V.},
  journal={Metody Diskret. Anal.},
  volume={35},
  pages={45--70},
  year={1980},
}
@article{reed1998omega,
  title={{$\omega$, $\Delta$, and $\chi$}},
  author={Reed, B.},
  journal={Journal of Graph Theory},
  volume={27},
  number={4},
  pages={177--212},
  issn={1097-0118},
  year={1998},
  publisher={Wiley Online Library}
}}
