  %number={02},
@conference{Brooks41,
  title={{On colouring the nodes of a network}},
  author={Brooks, R.L.},
  booktitle={Mathematical Proceedings of the Cambridge Philosophical Society},
  volume={37},
  pages={194--197},
  issn={0305-0041},
  year={1941},
  organization={Cambridge Univ Press}
}

@article{grötschel1981ellipsoid,
  title={{The ellipsoid method and its consequences in combinatorial optimization}},
  author={Gr\"{o}tschel, M. and Lov\'{a}sz, L. and Schrijver, A.},
  journal={Combinatorica},
  volume={1},
  number={2},
  pages={169--197},
  issn={0209-9683},
  year={1981},
  publisher={Springer}
}

@article{kierstead2009ore,
  title={{Ore-type versions of Brooks' theorem}},
  author={Kierstead, H.A. and Kostochka, A.V.},
  journal={Journal of Combinatorial Theory, Series B},
  volume={99},
  number={2},
  pages={298--305},
  issn={0095-8956},
  year={2009},
  publisher={Elsevier}
}

@article{mozhan1983,
  title={{Chromatic number of graphs with a density that does not exceed two-thirds of the maximal degree}},
  author={Mozhan, N.N.},
  journal={Metody Diskretn. Anal.},
  volume={39},
  pages={52--65 (in Russian)},
  year={1983}
}

@article{rabern2010a,
  title={{$\Delta$-critical graphs with small high vertex cliques}},
  author={Rabern, L.},
  journal={Journal of Combinatorial Theory, Series B},
  volume={102},
  number={1},
  pages={126--130},
  year={2012}
}

@article{rabern2010b,
  title={{An improvement on Brooks' theorem}},
  author={Rabern, L.},
  journal={Manuscript},
  year={2010}
}

@article{stacho2001new,
  title={{New upper bounds for the chromatic number of a graph}},
  author={Stacho, L.},
  journal={Journal of Graph Theory},
  volume={36},
  number={2},
  pages={117--120},
  issn={1097-0118},
  year={2001},
  publisher={John Wiley \& Sons}
}

@article{stiebitz1982proof,
  title={{Proof of a conjecture of T. Gallai concerning connectivity properties of colour-critical graphs}},
  author={Stiebitz, M.},
  journal={Combinatorica},
  volume={2},
  number={3},
  pages={315--323},
  issn={0209-9683},
  year={1982},
  publisher={Springer}
}

@article{krs_one,
  title={{Graphs with chromatic number close to maximum degree}},
  author={Kostochka, A.V. and Rabern, L. and Stiebitz, M.},
  journal={Discrete Mathematics},
  volume={312},
  number={6},
  pages={1273--1281},
  year={2012},
  publisher={Elsevier}
}

@article{king2008bounding,
  title={{Bounding $\chi$ in terms of $\omega$ and $\Delta$ for quasi-line graphs}},
  author={King, A.D. and Reed, B.A.},
  journal={Journal of Graph Theory},
  volume={59},
  number={3},
  pages={215--228},
  issn={1097-0118},
  year={2008},
  publisher={Wiley Online Library}
}

@phdthesis{king2009claw,
  title={{Claw-free graphs and two conjectures on omega, Delta, and chi}},
  author={King, A.},
  year={2009},
  school={McGill University}
}

@article{rabernhitting,
  title={{On hitting all maximum cliques with an independent set}},
  author={Rabern, L.},
  journal={Journal of Graph Theory},
  volume={66},
  number={1},
  pages={32--37},
  year={2011},
  publisher={Wiley Online Library}
}

@article{king2007upper,
  title={{An upper bound for the chromatic number of line graphs}},
  author={King, A.D. and Reed, B.A. and Vetta, A.},
  journal={European Journal of Combinatorics},
  volume={28},
  number={8},
  pages={2182--2187},
  issn={0195-6698},
  year={2007},
  publisher={Elsevier}
}

@article{KingHitting,
    AUTHOR = {King, Andrew D.},
     TITLE = {Hitting all maximum cliques with a stable set using lopsided
              independent transversals},
   JOURNAL = {J. Graph Theory},
  FJOURNAL = {Journal of Graph Theory},
    VOLUME = {67},
      YEAR = {2011},
    NUMBER = {4},
     PAGES = {300--305},
      ISSN = {0364-9024},
     CODEN = {JGTHDO},
   MRCLASS = {05C69 (05C15 05C70)},
       DOI = {10.1002/jgt.20532},
       URL = {http://dx.doi.org/10.1002/jgt.20532},
}

    %journal={Arxiv preprint, arXiv:0907.3705},
@ARTICLE{2009arXiv0907.3705R,
   author = {Rabern, L.},
    title = {{On hitting all maximum cliques with an independent set}},
    journal={Arxiv preprint, \url{http://arxiv.org/abs/0907.3705}},
    year={2009}
}

@article{BorodinK77,
  title={{On an upper bound of a graph's chromatic number, depending on the graph's degree and density}},
  author={Borodin, O.V. and Kostochka, A.V.},
  fjournal={Journal of Combinatorial Theory, Series B},
  journal={J. of Comb. Theory, B},
  volume={23},
  number={2-3},
  pages={247--250},
  issn={0095-8956},
  year={1977},
  publisher={Elsevier}
}

@article{kostochkaRussian,
  title={{Degree, density, and chromatic number}},
  author={Kostochka, A.V.},
  journal={Metody Diskret. Anal.},
  volume={35},
  pages={45--70 (in Russian)},
  year={1980},
}

@article{Reed98omega,
  title={{$\omega$, $\Delta$, and $\chi$}},
  author={Reed, B.},
  journal={Journal of Graph Theory},
  volume={27},
  number={4},
  pages={177--212},
  issn={1097-0118},
  year={1998},
  publisher={Wiley Online Library}
}

@article{ReedSudakov,
  title={{List colouring when the chromatic number is close to the order of the graph}},
  author={Reed, B. and Sudakov, B.},
  journal={Combinatorica},
  volume={25},
  number={1},
  pages={117--123},
  issn={0209-9683},
  year={2004},
  publisher={Springer}
}

@article{BrooksExtended,
  title={{The colour theorems of Brooks and Gallai extended}},
  author={Kostochka, A.V. and Stiebitz, M. and Wirth, B.},
  journal={Discrete Mathematics},
  volume={162},
  number={1-3},
  pages={299--303},
  year={1996},
  publisher={Elsevier}
}

@article{HladkyKS10,
    AUTHOR = {Hladk{\'y}, J. and Kr{\'a}l, D. and Schauz, U.},
     TITLE = {Brooks' theorem via the {A}lon-{T}arsi theorem},
   JOURNAL = {Discrete Math.},
  FJOURNAL = {Discrete Mathematics},
    VOLUME = {310},
      YEAR = {2010},
    NUMBER = {23},
     PAGES = {3426--3428},
   MRCLASS = {05C15 (05C57)},
  publisher={Elsevier}
}

@conference{ErdosRT79,
  title={{Choosability in graphs}},
  author={Erd\H{o}s, P. and Rubin, A.L. and Taylor, H.},
  booktitle={Proc. West Coast Conf. on Combinatorics, Graph Theory and Computing, Congressus Numerantium},
  volume={26},
  pages={125--157},
  year={1979}
}

@conference{borodin1977criterion,
  title={{Criterion of chromaticity of a degree prescription}},
  author={Borodin, O.V.},
  booktitle={Abstracts of IV All-Union Conf. on Th. Cybernetics},
  location={Novosibirsk},
  pages={127--128},
  year={1977}
}

@ARTICLE{Alon19997,
author={Alon, N.},
title={Combinatorial Nullstellensatz},
journal={Combinatorics Probability and Computing},
year={1999},
volume={8},
number={1--2},
pages={7-29}
}

% Where Alon-Tarsi Theorem was proved
@ARTICLE{AlonT92,
author={Alon, N. and Tarsi, M.},
title={Colorings and orientations of graphs},
journal={Combinatorica},
year={1992},
volume={12},
number={2},
pages={125--134}
}

@incollection{Entringer1985367,
title = {{A Short Proof of Rubin's Block Theorem}},
editor = {B.R. Alspach and C.D. Godsil},
booktitle = {{Annals of Discrete Mathematics 27 - Cycles in Graphs}},
publisher = {North-Holland},
year = {1985},
volume = {115},
pages = {367--368},
series = {North-Holland Mathematics Studies},
author = {Entringer, R.C.}
}

@ARTICLE{Lovasz1975269,
author={Lov\'{a}sz, L.},
title={Three short proofs in graph theory},
journal={Journal of Combinatorial Theory, Series B},
year={1975},
volume={19},
number={3},
pages={269--271},
}

@article{kierstead2000choosability,
  title={{On the choosability of complete multipartite graphs with part size three}},
  author={Kierstead, H.A.},
  journal={Discrete Mathematics},
  volume={211},
  number={1-3},
  pages={255--259},
  issn={0012-365X},
  year={2000},
  publisher={Elsevier}
}

@article{dhurandhar1982improvement,
  title={Improvement on {Brooks}' chromatic bound for a class of graphs},
  author={Dhurandhar, M.},
  journal={Discrete Mathematics},
  volume={42},
  number={1},
  pages={51--56},
  year={1982},
  publisher={Elsevier}
}

@article{kierstead1986chromatic,
  title={The chromatic number of graphs which induce neither {$K_{1,3}$} nor {$K_5-e$}},
  author={Kierstead, H.A. and Schmerl, J.H.},
  journal={Discrete mathematics},
  volume={58},
  number={3},
  pages={253--262},
  year={1986},
  publisher={Elsevier}
}

@article{GoldbergJGT,
  title={Edge-coloring of multigraphs: Recoloring technique},
  author={Goldberg, M.K.},
  journal={Journal of Graph Theory},
  volume={8},
  number={1},
  pages={123--137},
  year={1984},
  publisher={Wiley Online Library}
}

@article{StiebitzVizingGoldberg,
  title={Graph edge colouring: Vizing's theorem and Goldberg's conjecture},
  author={Favrholdt, L.M. and Stiebitz, M. and Toft, B.},
  year={2006},
  publisher={University of Southern Denmark, preprint}
}

@article{catlin1979hajos,
  title={Haj{\'o}s’ graph-coloring conjecture: variations and counterexamples},
  author={Catlin, P.A.},
  journal={J. Combin. Theory Ser. B},
  volume={26},
  number={2},
  pages={268--274},
  year={1979}
}

@book{GraphColoringProblems,
  title={Graph coloring problems},
  author={Jensen, T.R. and Toft, B.},
  year={1995},
  publisher={John Wiley \& Sons}
}

@article{anderson1977edge,
  title={On edge-colorings of graphs},
  author={Andersen, L.D.},
  journal={Math. Scand},
  volume={40},
  pages={161--175},
  year={1977}
}

@article{cariolaro2006fans,
  title={On fans in multigraphs},
  author={Cariolaro, D.},
  journal={Journal of Graph Theory},
  volume={51},
  number={4},
  pages={301--318},
  year={2006},
  publisher={Wiley Online Library}
}

@article{gallai1963kritische,
  title={Kritische graphen I.},
  author={Gallai, T.},
  journal={Math. Inst. Hungar. Acad. Sci},
  volume={8},
  pages={165--192 (in German)},
  year={1963}
}

@article{chudnovsky2005structure,
  title={The structure of claw-free graphs},
  author={Chudnovsky, M. and Seymour, P.},
  journal={Surveys in combinatorics},
  volume={327},
  pages={153--171},
  year={2005}
}

@article{rabern2011strengthening,
  title={{A strengthening of Brooks' Theorem for line graphs}},
  author={Rabern, L.},
  journal={Electron. J. Combin.},
  volume={18},
  number={p145},
  pages={1},
  year={2011}
}

@article{rabern2010destroying,
  title={Destroying non-complete regular components in graph partitions},
  author={Rabern, L.},
  journal={J. Graph Theory},
  year={In Press}
}

@article{partitionnote,
  title={A note on vertex partitions},
  author={Rabern, L.},
  journal={Manuscript},
  year={2011}
}

@article{lovasz1966decomposition,
  title={On decomposition of graphs},
  author={Lovasz, L.},
  journal={SIAM J Algebraic and Discrete Methods},
  volume={3},
  number={1},
  pages={237--238},
  year={1966},
  publisher={SIAM}
}

@article{CatlinAnotherBound,
  title={{Another bound on the chromatic number of a graph}},
  author={Catlin, P.A.},
  journal={Discrete Mathematics},
  volume={24},
  number={1},
  pages={1--6},
  year={1978},
  publisher={Elsevier}
}

@article{KostochkaTriangleFree,
  title={{A modification of Catlin's algorithm}},
  author={Kostochka, A.V.},
  journal={Methods and Programs of Solutions Optimization Problems on Graphs and Networks},
  number={2},
  pages={75--79 (in Russian)},
  year={1982}
}

@article{bollobasManvel,
  title={Optimal vertex partitions},
  author={Bollob{\'a}s, B. and Manvel, B.},
  journal={Bulletin of the London Mathematical Society},
  volume={11},
  number={2},
  pages={113},
  year={1979},
  publisher={Oxford University Press}
}

@article{catlin1978bound,
  title={A bound on the chromatic number of a graph},
  author={Catlin, P.A.},
  journal={Discrete Mathematics},
  volume={22},
  number={1},
  pages={81--83},
  year={1978},
  publisher={Elsevier}
}

@article{lawrence1978covering,
  title={Covering the vertex set of a graph with subgraphs of smaller degree},
  author={Lawrence, J.},
  journal={Discrete Mathematics},
  volume={21},
  number={1},
  pages={61--68},
  year={1978},
  publisher={Elsevier}
}

@article{haxell2001note,
  title={A note on vertex list colouring},
  author={Haxell, PE},
  journal={Combinatorics, Probability and Computing},
  volume={10},
  number={04},
  pages={345--347},
  year={2001},
  publisher={Cambridge Univ Press}
}

@article{aharoni2007independent,
  title={Independent systems of representatives in weighted graphs},
  author={Aharoni, R. and Berger, E. and Ziv, R.},
  journal={Combinatorica},
  volume={27},
  number={3},
  pages={253--267},
  year={2007},
  publisher={Springer}
}

@article{HajnalSaturation,
  title={{A theorem on $k$-saturated graphs}},
  author={Hajnal, A.},
  journal={Canadian Journal of Mathematics},
  volume={17},
  number={5},
  pages={720},
  year={1965},
  publisher={Canadian Mathematical Society}
}

@article{niessen2000round,
  title={The round-up property of the fractional chromatic number for proper circular arc graphs},
  author={Niessen, T. and Kind, J.},
  journal={Journal of Graph Theory},
  volume={33},
  number={4},
  pages={256--267},
  year={2000},
  publisher={Wiley Online Library}
}

@article{chudnovskyFradkin,
  title={Coloring quasi-line graphs},
  author={Chudnovsky, M. and Ovetsky, A.},
  journal={Journal of Graph Theory},
  volume={54},
  number={1},
  pages={41--50},
  year={2007},
  publisher={Wiley Online Library}
}

@article{rabern2012partitioning,
  title={Partitioning and coloring with degree constraints},
  author={Rabern, L.},
  journal={Arxiv preprint, \url{http://arxiv.org/abs/1202.5855}},
  year={2012}
}

@article{tverberg1983brooks,
  title={{On Brooks' theorem and some related results}},
  author={Tverberg, H.},
  journal={Mathematics Scandinavia},
  volume={52},
  pages={37--40},
  year={1983}
}

@article{haxell2006odd,
  title={Odd independent transversals are odd},
  author={Haxell, P. and Szab{\'o}, T.},
  journal={Combinatorics Probability and Computing},
  volume={15},
  number={1/2},
  pages={193},
  year={2006},
  publisher={Cambridge University Press; 1999}
}

@article{haxell2011forming,
  title={On forming committees},
  author={Haxell, P.},
  journal={The American Mathematical Monthly},
  volume={118},
  number={9},
  pages={777--788},
  year={2011},
  publisher={JSTOR}
}

@article{haxell2004strong,
  title={On the strong chromatic number},
  author={Haxell, P.},
  journal={Combinatorics, Probability and Computing},
  volume={13},
  number={06},
  pages={857--865},
  year={2004},
  publisher={Cambridge Univ Press}
}

@article{CranstonR-equiv,
  title={{Conjectures equivalent to the Borodin-Kostochka conjecture that appear weaker}},
  author={Cranston, Daniel W. and Rabern, Landon},
  journal={Arxiv preprint, \url{http://arxiv.org/abs/1203.5380}},
  year={2012}
}

@article{CranstonR13claw,
    author={Cranston, D. W. and Rabern, L.},
     TITLE = {Coloring claw-free graphs with {$\Delta-1$} colors},
   JOURNAL = {SIAM J. Discrete Math.},
  FJOURNAL = {SIAM Journal on Discrete Mathematics},
    VOLUME = {27},
      YEAR = {2013},
    NUMBER = {1},
     PAGES = {534--549},
      ISSN = {0895-4801},
     CODEN = {SJDMEC},
   MRCLASS = {05C15},
  MRNUMBER = {3032933},
       DOI = {10.1137/12088015X},
       URL = {http://dx.doi.org/10.1137/12088015X},
}

@article{CranstonR13+big,
  title={{Graphs with $\chi=\Delta$ have big cliques}},
  author={Cranston, Daniel W. and Rabern, Landon},
  journal={Arxiv preprint, \url{http://arxiv.org/abs/1305.3526}},
  year={2013}
}

@article{CranstonR13+paint,
  title={{Painting Squares with $\Delta^2-1$ Shades}},
  author={Cranston, Daniel W. and Rabern, Landon},
  journal={Arxiv preprint, \url{http://arxiv.org/abs/1311.1251}}
  year={2013}
}


@article{denseneighborhoods,
  title={{Coloring graphs with dense neighborhoods}},
  author={Rabern, L.},
  journal={ J. Graph Theory, Forthcoming},
}

@article{beutelspacher1984minimal,
  title={Minimal graphs for which the chromatic number equals the maximal degree},
  author={Beutelspacher, A. and Hering, P.R.},
  journal={Ars Combin},
  volume={18},
  pages={201--216},
  year={1984}
}

@article{BorodinKostochkaWoodall,
  author = {Borodin, O. V. and Kostochka, A. V. and Woodall, D. R.},
  title = {List edge and list total colourings of multigraphs},
  journal = {J. Combin. Theory Ser. B},
  volume = {71},
  number = {2},
  pages = {184--204},
  year = {1997},
}

@Misc{PersonalComms,
  author = {Kostochka, A. V.},
  howpublished = {personal communication},
  year = 2012
}

@Misc{KingPersonalKostochkaGeneralized,
  author = {King, A.},
  howpublished = {personal communication},
  year = 2009
}

@article{gravier1998graphs,
  title={Graphs whose choice number is equal to their chromatic number},
  author={Gravier, S. and Maffray, F.},
  journal={Journal of Graph Theory},
  volume={27},
  number={2},
  pages={87--97},
  year={1998},
  publisher={Wiley Online Library}
}

@article{szabo2006extremal,
  title={Extremal problems for transversals in graphs with bounded degree},
  author={Szab{\'o}, T. and Tardos, G.},
  journal={Combinatorica},
  volume={26},
  number={3},
  pages={333--351},
  year={2006},
  publisher={Springer}
}

@article{mules,
  title={{Conjectures equivalent to the Borodin-Kostochka Conjecture that appear weaker}},
  author={Cranston, D.W. and Rabern, L.},
  journal={Arxiv preprint, \url{http://arxiv.org/abs/1203.5380}},
  year={2012}
}

@inproceedings{mader,
  title={{Existenz n-fach zusammenh{\"a}ngender Teilgraphen in Graphen gen{\"u}gend gro{\ss}er Kantendichte}},
  author={Mader, W.},
  booktitle={{Abhandlungen aus dem Mathematischen Seminar der Universit{\"a}t Hamburg}},
  volume={37},
  number={1},
  pages={86--97},
  year={1972},
  organization={Springer}
}

@BOOK{diestel2010,
	AUTHOR       = {Diestel, R.},
	TITLE        = {{Graph Theory}},
	PUBLISHER    = {Springer-Verlag, Heidelberg},
	YEAR         = {2010},
	EDITION      = {4}
}

@article{kostochkastiebitzedgesincriticalgraph,
  title={A new lower bound on the number of edges in colour-critical graphs and hypergraphs},
  author={Kostochka, A.V. and Stiebitz, M.},
  journal={Journal of Combinatorial Theory, Series B},
  volume={87},
  number={2},
  pages={374--402},
  year={2003},
  publisher={Elsevier}
}

@article{Schauz-AT,
  title={{Flexible color lists in Alon and Tarsi's theorem, and time scheduling with unreliable participants}},
  author={Schauz, U.},
  journal={Electron. J. Combin.},
  fjournal={The Electronic Journal of Combinatorics},
  volume={17},
  number={1},
  pages={R13},
  year={2010}
}

@article{dirac1951note,
  title={Note on the colouring of graphs},
  author={Dirac, G.A.},
  journal={Mathematische Zeitschrift},
  volume={54},
  number={4},
  pages={347--353},
  year={1951},
  publisher={Springer}
}

@article{dirac1957theorem,
  title={{A theorem of R.L. Brooks and a conjecture of H. Hadwiger}},
  author={Dirac, G.A.},
  journal={Proceedings of the London Mathematical Society},
  volume={3},
  number={1},
  pages={161--195},
  year={1957},
  publisher={Oxford University Press}
}

@article{dirac1974number,
  title={The number of edges in critical graphs},
  author={Dirac, G.A.},
  journal={J. Reine Angew. Math},
  volume={268},
  number={269},
  pages={150--164},
  year={1974}
}

@article{krivelevich1997minimal,
  title={On the minimal number of edges in color-critical graphs},
  author={Krivelevich, M.},
  journal={Combinatorica},
  volume={17},
  number={3},
  pages={401--426},
  year={1997},
  publisher={Springer}
}

@article{kostochkayancey2012ore,
  title={{Ore's Conjecture on color-critical graphs is almost true}},
  author={Kostochka, A. and Yancey, M.},
  journal={Arxiv preprint, \url{http://arxiv.org/abs/1209.1050}},
  year={2012}
}

@book{ore1967four,
  title={The four-color problem},
  author={Ore, O.},
  volume={27},
  year={1967},
  publisher={Academic Press}
}

@article{kostochka2012oregrotsch,
  title={{Ore's Conjecture for $k=4$ and Gr\"otzsch Theorem}},
  author={Kostochka, A. and Yancey, M.},
  journal={Arxiv preprint, \url{http://arxiv.org/abs/1209.1173}},
  year={2012}
}

@article{Zhu09online,
  title={On-line list colouring of graphs},
  author={Zhu, X.},
  journal={Electron. J. Combin.},
  fjournal={{The Electronic Journal of Combinatorics}},
  volume={16},
  number={1},
  pages={R127},
  year={2009}
}

@article{Vizing76,
  title={{Vextex coloring with given colors}},
  author={Vizing, V.G.},
  journal={Metody Diskretn. Anal.},
  volume={29},
  pages={3--10 (in Russian)},
  year={1976}
}

@article{riasat2012critically,
  title={Critically paintable, choosable or colorable graphs},
  author={Riasat, A. and Schauz, U.},
  journal={Discrete Mathematics},
  volume={312},
  number={22},
  pages={3373--3383},
  year={2012},
  publisher={Elsevier}
}

@book{alon2004probabilistic,
  title={The probabilistic method},
  author={Alon, Noga and Spencer, Joel H},
  volume={57},
  year={2004},
  publisher={Wiley-Interscience}
}

@article{kostochka1982modification,
  title={A modification of a Catlin?s algorithm},
  author={Kostochka, Alexandr V},
  journal={Methods and Programs of Solutions Optimization Problems on Graphs and Networks},
  volume={2},
  pages={75--79},
  year={1982}
}

  author={Christofides, Demetres and Edwards, Katherine and King, Andrew D},
@article{christofides2012note,
  title={A note on hitting maximum and maximal cliques with a stable set},
  author={Christofides, D. and Edwards, K. and King, A.D.},
  journal={Journal of Graph Theory},
  year={2012},
  publisher={Wiley Online Library}
}

  %author={Fajtlowicz, Siemion},
@article{fajtlowicz1984independence,
  title={Independence, clique size and maximum degree},
  author={Fajtlowicz, S.},
  journal={Combinatorica},
  volume={4},
  number={1},
  pages={35--38},
  year={1984},
  publisher={Springer}
}

@article {CranstonK08,
    AUTHOR = {Cranston, Daniel W. and Kim, Seog-Jin},
     TITLE = {List-coloring the square of a subcubic graph},
   JOURNAL = {J. Graph Theory},
  FJOURNAL = {Journal of Graph Theory},
    VOLUME = {57},
      YEAR = {2008},
    NUMBER = {1},
     PAGES = {65--87},
   MRCLASS = {05C15},
}

@article {KingLP12,
    AUTHOR = {King, Andrew D. and Lu, Linyuan and Peng, Xing},
     TITLE = {A fractional analogue of {B}rooks' theorem},
   JOURNAL = {SIAM J. Discrete Math.},
  FJOURNAL = {SIAM Journal on Discrete Mathematics},
    VOLUME = {26},
      YEAR = {2012},
    NUMBER = {2},
     PAGES = {452--471},
   MRCLASS = {05C72 (05C15)},
}

    %AUTHOR = {Erd{\H{o}}s, Paul and Fajtlowicz, Siemion and Hoffman, Alan
@article {ErdosFH80,
    AUTHOR = {Erd{\H{o}}s, P. and Fajtlowicz, S. and Hoffman, A.J.},
     TITLE = {Maximum degree in graphs of diameter {$2$}},
   JOURNAL = {Networks},
  FJOURNAL = {Networks. An International Journal},
    VOLUME = {10},
      YEAR = {1980},
    NUMBER = {1},
     PAGES = {87--90},
  MRNUMBER = {565328 (81b:05061)},
}

@article {HoffmanS60,
    AUTHOR = {Hoffman, A. J. and Singleton, R. R.},
     TITLE = {On {M}oore graphs with diameters {$2$} and {$3$}},
   JOURNAL = {IBM J. Res. Develop.},
  FJOURNAL = {International Business Machines Corporation. Journal of
              Research and Development},
    VOLUME = {4},
      YEAR = {1960},
     PAGES = {497--504},
      ISSN = {0018-8646},
   MRCLASS = {05.40},
}

@book {West-IGT,
    AUTHOR = {West, Douglas B.},
     TITLE = {Introduction to graph theory},
 PUBLISHER = {Prentice Hall Inc.},
   ADDRESS = {Upper Saddle River, NJ},
      YEAR = {1996},
     PAGES = {xvi+512},
      ISBN = {0-13-227828-6},
   MRCLASS = {05-01},
  MRNUMBER = {1367739 (96i:05001)},
}

@article {BonamyB13+,
    AUTHOR = {Bonamy, Marthe and Bousquet, Nicolas},
     TITLE = {Brooks' theorem on powers of graphs},
      YEAR = {2013},
   JOURNAL = {Arxiv preprint, \url{http://arxiv.org/abs/1310.5493}},
}

@article {MiaoF13+,
    AUTHOR = {Miao, Lian-Ying and Fan, Yi-Zheng}, 
     TITLE = {The Distance Coloring of Graphs},
      YEAR = {2013},
   JOURNAL = {Arxiv preprint, \url{http://arxiv.org/abs/1212.1029}},
}
@article{Schauz-nullstellensatz,
  title={{A Paintability Version of the Combinatorial Nullstellensatz, and List Colorings of k-partite k-uniform Hypergraphs}},
  author={Schauz, U.},
  journal={Electron. J. Combin.},
  fjournal={The Electronic Journal of Combinatorics},
  volume={17},
  pages={R176},
  year={2010}
}

@article {forestPlusStars,
    AUTHOR = {Stiebitz, Michael},
     TITLE = {The forest plus stars colouring problem},
   JOURNAL = {Discrete Math.},
  FJOURNAL = {Discrete Mathematics},
    VOLUME = {126},
      YEAR = {1994},
    NUMBER = {1-3},
     PAGES = {385--389},
      ISSN = {0012-365X},
     CODEN = {DSMHA4},
   MRCLASS = {05C15},
  MRNUMBER = {1264505 (95a:05041)},
MRREVIEWER = {Hugh Hind},
       DOI = {10.1016/0012-365X(94)90282-8},
       URL = {http://dx.doi.org.proxy.library.vcu.edu/10.1016/0012-365X(94)90282-8},
}

@article {borodin1976decomposition,
    AUTHOR = {Borodin, O. V.},
     TITLE = {The decomposition of graphs into degenerate subgraphs},
   JOURNAL = {Diskret. Analiz.},
    NUMBER = {Vyp. 28 Metody Diskretnogo Analiza v Teorii Grafov i
              Logiceskih Funkcii},
      YEAR = {1976},
     PAGES = {3--11, 78},
   MRCLASS = {05C15},
  MRNUMBER = {0498204 (58 \#16359)},
}

@article {independencytree,
    AUTHOR = {B{\"o}hme, T. and Broersma, H. J. and G{\"o}bel, F. and
              Kostochka, A. V. and Stiebitz, M.},
     TITLE = {Spanning trees with pairwise nonadjacent endvertices},
   JOURNAL = {Discrete Math.},
  FJOURNAL = {Discrete Mathematics},
    VOLUME = {170},
      YEAR = {1997},
    NUMBER = {1-3},
     PAGES = {219--222},
      ISSN = {0012-365X},
     CODEN = {DSMHA4},
   MRCLASS = {05C05},
  MRNUMBER = {1452947 (97m:05071)},
       DOI = {10.1016/S0012-365X(96)00306-8},
       URL = {http://dx.doi.org/10.1016/S0012-365X(96)00306-8},
}

@article {Schauz09,
    AUTHOR = {Schauz, Uwe},
     TITLE = {Mr. {P}aint and {M}rs. {C}orrect},
   JOURNAL = {Electron. J. Combin.},
  FJOURNAL = {Electronic Journal of Combinatorics},
    VOLUME = {16},
      YEAR = {2009},
    NUMBER = {1},
     PAGES = {Research Paper 77, 18},
      ISSN = {1077-8926},
   MRCLASS = {91A43 (05C10 05C15 05C20 05C51)},
  MRNUMBER = {2515754 (2010i:91064)},
MRREVIEWER = {Flavia Bonomo},
       URL =
              {http://www.combinatorics.org/Volume_16/Abstracts/v16i1r77.html},
}

@article {Guthrie1854,
    author = {F.G.},
     title = {Tinting Maps}, 
   journal = {The Athenaeum},
    volume = {726},
      year = {June 10, 1854}, 
}

@article {McKay14,
    author = {Brendan D. McKay},
     title = {A note on the history of the four-colour conjecture},
   journal = {Arxiv preprint, \url{http://arxiv.org/abs/1201.2852}},
      year = {2012},
}

@article{rabern2012different,
  title={{A different short proof of Brooks' theorem}},
  author={Rabern, L.},
  journal={Discuss. Math. Graph Theory.  To appear.},
  %year={2013}
}
@PhdThesis{raberndiss,
   title = {{Coloring graphs from almost maximum degree sized palettes}},
  author = {Rabern, L.},
  school = {Arizona State University},
  year = {2013}
}

@article{KingR12claw-free,
  author = {Andrew D. King and Bruce A. Reed},
   title = {{Claw-free graphs, skeletal graphs, and a stronger conjecture on
$\omega$, $\Delta$, and $\chi$}},
    year = {2012},
 journal = {Arxiv preprint, \url{http://arxiv.org/abs/1212.3036}}
}

@article{KingR12ep,
  author = {Andrew D. King and Bruce A. Reed},
   title = {{A short proof that $\chi$ can be bounded $\epsilon$ away from
$\Delta+1$ towards $\omega$}},
    year = {2012},
 journal = {Arxiv preprint, \url{http://arxiv.org/abs/1211.1410}}
}

@book{MolloyR02GCPM,
    AUTHOR = {Molloy, Michael and Reed, Bruce},
     TITLE = {Graph colouring and the probabilistic method},
    SERIES = {Algorithms and Combinatorics},
    VOLUME = {23},
 PUBLISHER = {Springer-Verlag},
   ADDRESS = {Berlin},
      YEAR = {2002},
     PAGES = {xiv+326},
      ISBN = {3-540-42139-4},
   MRCLASS = {05-02 (05C15 05C80 60-02 60C05)},
}

@article {Reed99brooks,
    AUTHOR = {Reed, Bruce},
     TITLE = {A strengthening of {B}rooks' theorem},
   JOURNAL = {J. Combin. Theory Ser. B},
  FJOURNAL = {Journal of Combinatorial Theory. Series B},
    VOLUME = {76},
      YEAR = {1999},
    NUMBER = {2},
     PAGES = {136--149},
      ISSN = {0095-8956},
     CODEN = {JCBTB8},
   MRCLASS = {05C15 (05C80)},
}

@article {AlonT92,
    AUTHOR = {Alon, N. and Tarsi, M.},
     TITLE = {Colorings and orientations of graphs},
   JOURNAL = {Combinatorica},
  FJOURNAL = {Combinatorica. An International Journal on Combinatorics and
              the Theory of Computing},
    VOLUME = {12},
      YEAR = {1992},
    NUMBER = {2},
     PAGES = {125--134},
      ISSN = {0209-9683},
   MRCLASS = {05C15 (05C45)},
}

@article {Emden-WeinertHK98,
    AUTHOR = {Emden-Weinert, Thomas and Hougardy, Stefan and Kreuter, Bernd},
     TITLE = {Uniquely colourable graphs and the hardness of colouring
              graphs of large girth},
   JOURNAL = {Combin. Probab. Comput.},
  FJOURNAL = {Combinatorics, Probability and Computing},
    VOLUME = {7},
      YEAR = {1998},
    NUMBER = {4},
     PAGES = {375--386},
      ISSN = {0963-5483},
   MRCLASS = {05C15 (05C85)},
}

@inproceedings {MolloyR01STOC,
    AUTHOR = {Molloy, Michael and Reed, Bruce},
     TITLE = {Colouring graphs when the number of colours is nearly the
              maximum degree},
 BOOKTITLE = {Proceedings of the {T}hirty-{T}hird {A}nnual {ACM} {S}ymposium
              on {T}heory of {C}omputing},
     PAGES = {462--470 (electronic)},
 PUBLISHER = {ACM},
   ADDRESS = {New York},
      YEAR = {2001},
   MRCLASS = {68Q25 (05C15 05C85)},
  MRNUMBER = {2120347},
       DOI = {10.1145/380752.380840},
       URL = {http://dx.doi.org.proxy.library.vcu.edu/10.1145/380752.380840},
}
@article{catlin1979brooks,
  title={Brooks' graph-coloring theorem and the independence number},
  author={Catlin, P.A.},
  journal={Journal of Combinatorial Theory, Series B},
  volume={27},
  number={1},
  pages={42--48},
  year={1979},
  publisher={Elsevier}
}
@article{michalek,
  title={A short proof of Combinatorial Nullstellensatz},
  author={Micha{\l}ek, M.},
  journal={The American Mathematical Monthly},
  volume={117},
  number={9},
  pages={821--823},
  year={2010},
  publisher={JSTOR}
}
@article{alon1992colorings,
  title={Colorings and orientations of graphs},
  author={Alon, Noga and Tarsi, Michael},
  journal={Combinatorica},
  volume={12},
  number={2},
  pages={125--134},
  year={1992},
  publisher={Springer}
}
@article{alon1999combinatorial,
  title={Combinatorial nullstellensatz},
  author={Alon, Noga},
  journal={Combinatorics Probability and Computing},
  volume={8},
  number={1},
  pages={7--30},
  year={1999},
  publisher={Cambridge Univ Press}
}